
% book
% Required fields: author or editor, title, publisher, year. 
% Optional fields: volume or number, series, address, edition, month, note.

@book{waclaw,
  author = {Wac≈Çaw Szybalski},
  title = {In Vivo and in Vitro Initiation of Transcription},
  publisher = {New York: Plenum Press},
  year = {1974},
  %edition = "second edition"
}


% article
% Required fields: author, title, journal, year. 
% Optional fields: volume, number, pages, month, note.
@article{donoho,
  author = {Donoho D. L.},
  title = {Compressed Sensing},
  journal = {IEEE Trans. Inf. Theory},
  volume = {52},
  number = {4},
  pages = {1289-1306},
  year = {2006}
}

% conference
% same as inproceedings
% Required fields: author, title, booktitle, year. 
% Optional fields: editor, volume or number, series, pages, address, month, organization, publisher, note
@conference{dalal,
  author = {Dalal N., Triggs B.},
  title = {Histograms of Oriented Gradients for Human Detection},
  booktitle = {Computer Vision and Pattern Recognition (CVPR)},
  address = {San Diego, USA},
  year = {2005},
  month = {20-26 June},
  pages = {886-893}
}

% website
% as misc
% Required fields: none. 
% Optional fields: author, title, howpublished, month, year, note.

@misc{introd-robot,
	title = {robotic platform},
	howpublished = {\url{https://blogit.itu.dk/evoblissproject/overview/progress/evolutionary-robotic-platform/}},
	note={ultimo accesso 18/02/2016}
}

@misc{printrun,
	title = {Pronterface},
	howpublished = {\url{http://www.pronterface.com/}},
	note={ultimo accesso 21/02/2016}
}

@misc{opencv,
	title = {OpenCV},
	howpublished = {\url{http://opencv.org/}},
	note={ultimo accesso 21/02/2016}
}